%%% 1
@book{demarco1986controlling,
  	title={Controlling software projects: Management, measurement, and estimates},
  	author={DeMarco, Tom},
  	year={1986},
  	publisher={Prentice Hall PTR}
	}

%%% 2
@techreport{ferguson1999software,
  	title={Software process improvement works},
  	author={Ferguson, Pat and Leman, Gloria and Perini, Prasad and Renner, Susan and Seshagiri, Girish},
  	year={1999},
  	institution={DTIC Document}
	}

%%% 3
@article{sec2010itproject,
  	title={IT プロジェクトを 「見える化」 するチェックシート},
  	author={樋口登},
  	journal={SEC journal},
  	volume={6},
  	number={1},
  	pages={32--35},
  	year={2010},
  	publisher={INFORMATION-TECHNOLOGY PROMOTION AGENCY, JAPAN}
	}	

%%% 4
@book{grady1992practical,
  	title={Practical software metrics for project management and process improvement},
  	author={Grady, Robert B},
  	year={1992},
  	publisher={Prentice-Hall, Inc.}
	}

%%% 5
@book{nec2010software,
  	title={ソフトウェア品質会計: NEC の高品質ソフトウェア開発を支える品質保証技術},
  	author={直美 and 誉田},
  	year={2010},
  	publisher={日科技連出版社}
	}

%%% 6
@book{humphrey1995discipline,
  	title={A discipline for software engineering},
  	author={Humphrey, Watts S},
  	year={1995},
  	publisher={Addison-Wesley Longman Publishing Co., Inc.}
	}

%%% 7
@book{humphrey2001,
  	title={パーソナルソフトウェアプロセス入門},
  	author={Humphrey, Watts S},
  	year={2001},
  	publisher={共立出版}
	}

%%% 8
@inproceedings{johnson2003beyond,
  	title={Beyond the personal software process: Metrics collection and analysis for the differently disciplined},
  	author={Johnson, Philip M and Kou, Hongbing and Agustin, Joy and Chan, Christopher and Moore, Carleton and Miglani, Jitender and Zhen, Shenyan and Doane, William EJ},
  	booktitle={Proceedings of the 25th international Conference on Software Engineering},
  	pages={641--646},
  	year={2003},
  	organization={IEEE Computer Society}
	}

%%% 9
@inproceedings{ohira2004empirical,
  	title={Empirical project monitor: A tool for mining multiple project data},
  	author={Ohira, Masao and Yokomori, Reishi and Sakai, Makoto and Matsumoto, Ken-ichi and Inoue, Katsuro and Torii, Koji},
  	booktitle={International Workshop on Mining Software Repositories (MSR2004)},
  	pages={42--46},
  	year={2004},
  	organization={IET}
	}

%%% 10
@misc{processdashboard,
	title={Process Dashboard},
	howpublished={http://processdash.sourceforge.net/pspdash.html}
	}

%%% 11
@book{putnam2013five,
  	title={Five core metrics: the intelligence behind successful software management},
  	author={Putnam, Lawrence and Myers, Ware},
  	year={2013},
  	publisher={Addison-Wesley}
	}

%%% 12
@inproceedings{sillitti2003collecting,
  	title={Collecting, integrating and analyzing software metrics and personal software process data},
  	author={Sillitti, Alberto and Janes, Andrea and Succi, Giancarlo and Vernazza, Tullio},
  	booktitle={Euromicro Conference, 2003. Proceedings. 29th},
  	pages={336--342},
  	year={2003},
  	organization={IEEE}
	}

%%% 13
@misc{slimtimer,
	title={SlimTimer \UTF{2013} Time Tracking without the Timesheet},
	howpublished={http://www.slimtimer.com/}
	}

%%% 14
@misc{taskcoach,
	title={Task Coash - Your friendly task manager},
	howpublished={http://members.chello.nl/f.niessink/}
	}

%%% 15
@misc{taskpit,
	title={TaskPit},
	howpublished={http://taskpit.jpn.org}
	}

%%% 16
@article{torii1999ginger2,
  title={Ginger2: An environment for computer-aided empirical software engineering},
  author={Torii, Koji and Matsumoto, Ken-ichi and Nakakoji, Kumiyo and Takada, Yoshihiro and Takada, Shingo and Shima, Kazuyuki},
  journal={Software Engineering, IEEE Transactions on},
  volume={25},
  number={4},
  pages={474--492},
  year={1999},
  publisher={IEEE}
}